@article{als,
  title={Stability of spin-orbit coupled Fermi gases with population imbalance},
  author={Iskin, M and Suba{\c{s}}{\i}, AL},
  journal={Physical review letters},
  volume={107},
  number={5},
  pages={050402},
  year={2011},
  publisher={APS}
}